<?xml version="1.0" encoding="UTF-8"?>
<SOAP-ENV:Envelope xmlns:SOAP-ENV="http://schemas.xmlsoap.org/soap/envelope/" xmlns:ns1="http://oss.dbc.dk/ns/openformat" xmlns:os="http://oss.dbc.dk/ns/opensearch" xmlns:dc="http://purl.org/dc/elements/1.1/" xmlns:dkabm="http://biblstandard.dk/abm/namespace/dkabm/" xmlns:ISO639-2="http://lcweb.loc.gov/standards/iso639-2/" xmlns:dcmitype="http://purl.org/dc/dcmitype/" xmlns:dcterms="http://purl.org/dc/terms/" xmlns:ac="http://biblstandard.dk/ac/namespace/" xmlns:dkdcplus="http://biblstandard.dk/abm/namespace/dkdcplus/" xmlns:oss="http://oss.dbc.dk/ns/osstypes" xmlns:marcx="info:lc/xmlns/marcxchange-v1" xmlns:xsi="http://www.w3.org/2001/XMLSchema-instance" xmlns:foxml="info:fedora/fedora-system:def/foxml#" xsi:schemaLocation="info:fedora/fedora-system:def/foxml# http://www.fedora.info/definitions/1/0/foxml1-1.xsd">
  <SOAP-ENV:Body>
    <ns1:formatRequest>
      <ns1:originalData>
<oclcRecords><oclcRecord><foxml:digitalObject VERSION="1.1" PID="870970-basis:28527470">
<foxml:objectProperties>
<foxml:property NAME="info:fedora/fedora-system:def/model#state" VALUE="Active"/>
<foxml:property NAME="info:fedora/fedora-system:def/model#label" VALUE=""/>
<foxml:property NAME="info:fedora/fedora-system:def/model#ownerId" VALUE=""/>
<foxml:property NAME="info:fedora/fedora-system:def/model#createdDate" VALUE="2013-05-16T12:09:13.827Z"/>
<foxml:property NAME="info:fedora/fedora-system:def/view#lastModifiedDate" VALUE="2013-05-16T12:09:13.897Z"/>
</foxml:objectProperties>
<foxml:datastream ID="AUDIT" STATE="A" CONTROL_GROUP="X" VERSIONABLE="false">
<foxml:datastreamVersion ID="AUDIT.0" LABEL="Audit Trail for this object" CREATED="2013-05-16T12:09:13.827Z" MIMETYPE="text/xml" FORMAT_URI="info:fedora/fedora-system:format/xml.fedora.audit">
<foxml:xmlContent>
<audit:auditTrail xmlns:audit="info:fedora/fedora-system:def/audit#">
<audit:record ID="AUDREC1">
<audit:process type="Fedora API-M"/>
<audit:action>modifyDatastreamByValue</audit:action>
<audit:componentID>RELS-SYS</audit:componentID>
<audit:responsibility>fedoraAdmin</audit:responsibility>
<audit:date>2013-05-16T12:09:13.897Z</audit:date>
<audit:justification></audit:justification>
</audit:record>
</audit:auditTrail>
</foxml:xmlContent>
</foxml:datastreamVersion>
</foxml:datastream>
<foxml:datastream ID="DC" STATE="A" CONTROL_GROUP="X" VERSIONABLE="false">
<foxml:datastreamVersion ID="DC.0" LABEL="" CREATED="2013-05-16T12:09:13.835Z" MIMETYPE="text/xml" SIZE="1958">
<foxml:xmlContent>
<oai_dc:dc xmlns:oai_dc="http://www.openarchives.org/OAI/2.0/oai_dc/" xmlns:dc="http://purl.org/dc/elements/1.1/" xmlns:xsi="http://www.w3.org/2001/XMLSchema-instance" xsi:schemaLocation="http://www.openarchives.org/OAI/2.0/oai_dc/ http://www.openarchives.org/OAI/2.0/oai_dc.xsd">
  <dc:title>music for harp and flute</dc:title>
  <dc:title>MATCH:music</dc:title>
  <dc:creator>Sofia Asunción Claro</dc:creator>
  <dc:creator>NOBIRTH:Sofia Asunción Claro</dc:creator>
  <dc:creator>MATCHSTRING:Claros</dc:creator>
  <dc:subject>fløjte</dc:subject>
  <dc:subject>harpe</dc:subject>
  <dc:subject>harpesonate</dc:subject>
  <dc:subject>instrumental</dc:subject>
  <dc:subject>kammermusik</dc:subject>
  <dc:subject>tværfløjte</dc:subject>
  <dc:subject>Frankrig</dc:subject>
  <dc:subject>Italien</dc:subject>
  <dc:subject>Danmark</dc:subject>
  <dc:subject>Tyskland</dc:subject>
  <dc:subject>1890-1899</dc:subject>
  <dc:subject>1900-1909</dc:subject>
  <dc:subject>1920-1929</dc:subject>
  <dc:subject>1930-1939</dc:subject>
  <dc:subject>1950-1959</dc:subject>
  <dc:subject>1970-1979</dc:subject>
  <dc:subject>2000-2009</dc:subject>
  <dc:publisher>tutl</dc:publisher>
  <dc:publisher>MATCHSTRING:tutl</dc:publisher>
  <dc:contributor>MATCHSTRING:Graugꜳrdl</dc:contributor>
  <dc:contributor>lars graugꜳrd</dc:contributor>
  <dc:contributor>jean françaix</dc:contributor>
  <dc:contributor>lars graugꜳrd</dc:contributor>
  <dc:contributor>paul hindemith</dc:contributor>
  <dc:contributor>vincent persichetti</dc:contributor>
  <dc:contributor>maurice ravel</dc:contributor>
  <dc:contributor>gabriel fauré</dc:contributor>
  <dc:contributor>jacques ibert</dc:contributor>
  <dc:contributor>carl nielsen f. 1865</dc:contributor>
  <dc:date>2010</dc:date>
  <dc:type>Cd (musik)</dc:type>
  <dc:type>WORK:music</dc:type>
  <dc:identifier>870970-basis:28527470</dc:identifier>
  <dc:identifier>NUMBER:TutlFKT 063</dc:identifier>
</oai_dc:dc>
</foxml:xmlContent>
</foxml:datastreamVersion>
</foxml:datastream>
<foxml:datastream ID="commonData" STATE="A" CONTROL_GROUP="X" VERSIONABLE="false">
<foxml:datastreamVersion ID="commonData.0" LABEL="" CREATED="2013-05-16T12:09:13.836Z" MIMETYPE="text/xml" SIZE="14548">
<foxml:xmlContent>
<ting:container xmlns:ac="http://biblstandard.dk/ac/namespace/" xmlns:dc="http://purl.org/dc/elements/1.1/" xmlns:dcterms="http://purl.org/dc/terms/" xmlns:dkabm="http://biblstandard.dk/abm/namespace/dkabm/" xmlns:dkdcplus="http://biblstandard.dk/abm/namespace/dkdcplus/" xmlns:docbook="http://docbook.org/ns/docbook" xmlns:oss="http://oss.dbc.dk/ns/osstypes" xmlns:ting="http://www.dbc.dk/ting" xmlns:xsi="http://www.w3.org/2001/XMLSchema-instance"><dkabm:record><ac:identifier>28527470|870970</ac:identifier><ac:source>Bibliotekskatalog</ac:source><dc:title>Music for harp and flute</dc:title><dc:title xsi:type="dkdcplus:full">Music for harp and flute</dc:title><dc:creator>Sofia Asunción Claro</dc:creator><dc:creator xsi:type="oss:sort">Claro, Sofia Asunción</dc:creator><dc:subject xsi:type="dkdcplus:DK5">78.437</dc:subject><dc:subject xsi:type="dkdcplus:DK5-Text">Strengeinstrument(er), knipset med eller uden andet instrument</dc:subject><dc:subject xsi:type="dkdcplus:DBCM">fløjte</dc:subject><dc:subject xsi:type="dkdcplus:DBCM">harpe</dc:subject><dc:subject xsi:type="dkdcplus:DBCM">harpesonate</dc:subject><dc:subject xsi:type="dkdcplus:DBCM">instrumental</dc:subject><dc:subject xsi:type="dkdcplus:DBCM">kammermusik</dc:subject><dc:subject xsi:type="dkdcplus:DBCM">tværfløjte</dc:subject><dcterms:audience>voksenmaterialer</dcterms:audience><dc:publisher>Tutl</dc:publisher><dc:contributor>Lars Graugꜳrd</dc:contributor><dc:contributor>Jean Françaix</dc:contributor><dc:contributor>Lars Graugꜳrd</dc:contributor><dc:contributor>Paul Hindemith</dc:contributor><dc:contributor>Vincent Persichetti</dc:contributor><dc:contributor>Maurice Ravel</dc:contributor><dc:contributor>Gabriel Fauré</dc:contributor><dc:contributor>Jacques Ibert</dc:contributor><dc:contributor>Carl Nielsen (f. 1865)</dc:contributor><dc:date>2010</dc:date><dc:type xsi:type="dkdcplus:BibDK-Type">Cd (musik)</dc:type><dc:format>1 cd</dc:format><dc:identifier>Tutl FKT 063</dc:identifier><dcterms:hasPart xsi:type="dkdcplus:track">Cinque piccoli duetti</dcterms:hasPart><dcterms:hasPart xsi:type="dkdcplus:track">Fantasi for fløjte og harpe</dcterms:hasPart><dcterms:hasPart xsi:type="dkdcplus:track">Sonate for harpe</dcterms:hasPart><dcterms:hasPart xsi:type="dkdcplus:track">Serenade nr. 10, opus 79</dcterms:hasPart><dcterms:hasPart xsi:type="dkdcplus:track">Pavane pour une infante défunte</dcterms:hasPart><dcterms:hasPart xsi:type="dkdcplus:track">Sicilienne for violoncel og klaver, opus 78</dcterms:hasPart><dcterms:hasPart xsi:type="dkdcplus:track">Pièce</dcterms:hasPart><dcterms:hasPart xsi:type="dkdcplus:track">Entr&apos;acte</dcterms:hasPart><dcterms:hasPart xsi:type="dkdcplus:track">Moderen</dcterms:hasPart><dcterms:spatial xsi:type="dkdcplus:DBCM">Frankrig</dcterms:spatial><dcterms:spatial xsi:type="dkdcplus:DBCM">Italien</dcterms:spatial><dcterms:spatial xsi:type="dkdcplus:DBCM">Danmark</dcterms:spatial><dcterms:spatial xsi:type="dkdcplus:DBCM">Tyskland</dcterms:spatial><dcterms:temporal xsi:type="dkdcplus:DBCM">1890-1899</dcterms:temporal><dcterms:temporal xsi:type="dkdcplus:DBCM">1900-1909</dcterms:temporal><dcterms:temporal xsi:type="dkdcplus:DBCM">1920-1929</dcterms:temporal><dcterms:temporal xsi:type="dkdcplus:DBCM">1930-1939</dcterms:temporal><dcterms:temporal xsi:type="dkdcplus:DBCM">1950-1959</dcterms:temporal><dcterms:temporal xsi:type="dkdcplus:DBCM">1970-1979</dcterms:temporal><dcterms:temporal xsi:type="dkdcplus:DBCM">2000-2009</dcterms:temporal></dkabm:record><marcx:collection xmlns:marcx="info:lc/xmlns/marcxchange-v1"><marcx:record format="danMARC2" type="Bibliographic"><marcx:leader>00000n    2200000   4500</marcx:leader><marcx:datafield ind1="0" ind2="0" tag="001"><marcx:subfield code="a">28527470</marcx:subfield><marcx:subfield code="b">870970</marcx:subfield><marcx:subfield code="c">20101129181329</marcx:subfield><marcx:subfield code="d">20101117</marcx:subfield><marcx:subfield code="f">a</marcx:subfield></marcx:datafield><marcx:datafield ind1="0" ind2="0" tag="004"><marcx:subfield code="r">n</marcx:subfield><marcx:subfield code="a">e</marcx:subfield></marcx:datafield><marcx:datafield ind1="0" ind2="0" tag="006"><marcx:subfield code="2">a</marcx:subfield><marcx:subfield code="a">20100908</marcx:subfield></marcx:datafield><marcx:datafield ind1="0" ind2="0" tag="008"><marcx:subfield code="t">s</marcx:subfield><marcx:subfield code="u">f</marcx:subfield><marcx:subfield code="a">2010</marcx:subfield><marcx:subfield code="b">fo</marcx:subfield><marcx:subfield code="v">0</marcx:subfield></marcx:datafield><marcx:datafield ind1="0" ind2="0" tag="009"><marcx:subfield code="a">s</marcx:subfield><marcx:subfield code="g">xc</marcx:subfield></marcx:datafield><marcx:datafield ind1="0" ind2="0" tag="021"><marcx:subfield code="d">Kr. 136,00</marcx:subfield></marcx:datafield><marcx:datafield ind1="0" ind2="0" tag="023"><marcx:subfield code="a">0663993226323</marcx:subfield></marcx:datafield><marcx:datafield ind1="0" ind2="0" tag="032"><marcx:subfield code="a">DMO201048</marcx:subfield><marcx:subfield code="x">BKM201048</marcx:subfield></marcx:datafield><marcx:datafield ind1="0" ind2="0" tag="039"><marcx:subfield code="a">kaa</marcx:subfield></marcx:datafield><marcx:datafield ind1="0" ind2="0" tag="100"><marcx:subfield code="a">Claro</marcx:subfield><marcx:subfield code="h">Sofia Asunción</marcx:subfield></marcx:datafield><marcx:datafield ind1="0" ind2="0" tag="245"><marcx:subfield code="a">Music for harp and flute</marcx:subfield></marcx:datafield><marcx:datafield ind1="0" ind2="0" tag="260"><marcx:subfield code="b">Tutl</marcx:subfield><marcx:subfield code="c">p 2010</marcx:subfield></marcx:datafield><marcx:datafield ind1="0" ind2="0" tag="300"><marcx:subfield code="n">1 cd</marcx:subfield></marcx:datafield><marcx:datafield ind1="0" ind2="0" tag="531"><marcx:subfield code="a">Indhold:</marcx:subfield></marcx:datafield><marcx:datafield ind1="0" ind2="0" tag="538"><marcx:subfield code="f">Tutl</marcx:subfield><marcx:subfield code="g">FKT 063</marcx:subfield></marcx:datafield><marcx:datafield ind1="0" ind2="0" tag="652"><marcx:subfield code="m">78.437</marcx:subfield></marcx:datafield><marcx:datafield ind1="0" ind2="0" tag="652"><marcx:subfield code="å">11</marcx:subfield><marcx:subfield code="i">78.437</marcx:subfield></marcx:datafield><marcx:datafield ind1="0" ind2="0" tag="652"><marcx:subfield code="å">12</marcx:subfield><marcx:subfield code="i">78.437</marcx:subfield></marcx:datafield><marcx:datafield ind1="0" ind2="0" tag="652"><marcx:subfield code="å">13</marcx:subfield><marcx:subfield code="i">78.455</marcx:subfield></marcx:datafield><marcx:datafield ind1="0" ind2="0" tag="652"><marcx:subfield code="å">14</marcx:subfield><marcx:subfield code="i">78.437</marcx:subfield></marcx:datafield><marcx:datafield ind1="0" ind2="0" tag="652"><marcx:subfield code="å">15</marcx:subfield><marcx:subfield code="i">78.437</marcx:subfield></marcx:datafield><marcx:datafield ind1="0" ind2="0" tag="652"><marcx:subfield code="å">16</marcx:subfield><marcx:subfield code="i">78.437</marcx:subfield></marcx:datafield><marcx:datafield ind1="0" ind2="0" tag="652"><marcx:subfield code="å">17</marcx:subfield><marcx:subfield code="i">78.462</marcx:subfield></marcx:datafield><marcx:datafield ind1="0" ind2="0" tag="652"><marcx:subfield code="å">18</marcx:subfield><marcx:subfield code="i">78.437</marcx:subfield></marcx:datafield><marcx:datafield ind1="0" ind2="0" tag="652"><marcx:subfield code="å">19</marcx:subfield><marcx:subfield code="i">78.81</marcx:subfield><marcx:subfield code="v">7</marcx:subfield></marcx:datafield><marcx:datafield ind1="0" ind2="0" tag="666"><marcx:subfield code="0"></marcx:subfield><marcx:subfield code="m">kammermusik</marcx:subfield><marcx:subfield code="m">harpesonate</marcx:subfield><marcx:subfield code="n">instrumental</marcx:subfield><marcx:subfield code="n">fløjte</marcx:subfield><marcx:subfield code="n">tværfløjte</marcx:subfield><marcx:subfield code="n">harpe</marcx:subfield><marcx:subfield code="p">1890-1899</marcx:subfield><marcx:subfield code="p">1900-1909</marcx:subfield><marcx:subfield code="p">1920-1929</marcx:subfield><marcx:subfield code="p">1930-1939</marcx:subfield><marcx:subfield code="p">1950-1959</marcx:subfield><marcx:subfield code="p">1970-1979</marcx:subfield><marcx:subfield code="p">2000-2009</marcx:subfield><marcx:subfield code="l">Frankrig</marcx:subfield><marcx:subfield code="l">Italien</marcx:subfield><marcx:subfield code="l">Danmark</marcx:subfield><marcx:subfield code="l">Tyskland</marcx:subfield></marcx:datafield><marcx:datafield ind1="0" ind2="0" tag="700"><marcx:subfield code="a">Graugꜳrd</marcx:subfield><marcx:subfield code="h">Lars</marcx:subfield></marcx:datafield><marcx:datafield ind1="0" ind2="0" tag="770"><marcx:subfield code="å">11</marcx:subfield><marcx:subfield code="a">Françaix</marcx:subfield><marcx:subfield code="h">Jean</marcx:subfield></marcx:datafield><marcx:datafield ind1="0" ind2="0" tag="770"><marcx:subfield code="å">12</marcx:subfield><marcx:subfield code="a">Graugꜳrd</marcx:subfield><marcx:subfield code="h">Lars</marcx:subfield></marcx:datafield><marcx:datafield ind1="0" ind2="0" tag="770"><marcx:subfield code="å">13</marcx:subfield><marcx:subfield code="a">Hindemith</marcx:subfield><marcx:subfield code="h">Paul</marcx:subfield></marcx:datafield><marcx:datafield ind1="0" ind2="0" tag="770"><marcx:subfield code="å">14</marcx:subfield><marcx:subfield code="a">Persichetti</marcx:subfield><marcx:subfield code="h">Vincent</marcx:subfield></marcx:datafield><marcx:datafield ind1="0" ind2="0" tag="770"><marcx:subfield code="å">15</marcx:subfield><marcx:subfield code="a">Ravel</marcx:subfield><marcx:subfield code="h">Maurice</marcx:subfield></marcx:datafield><marcx:datafield ind1="0" ind2="0" tag="770"><marcx:subfield code="å">16</marcx:subfield><marcx:subfield code="a">Fauré</marcx:subfield><marcx:subfield code="h">Gabriel</marcx:subfield></marcx:datafield><marcx:datafield ind1="0" ind2="0" tag="770"><marcx:subfield code="å">17</marcx:subfield><marcx:subfield code="a">Ibert</marcx:subfield><marcx:subfield code="h">Jacques</marcx:subfield></marcx:datafield><marcx:datafield ind1="0" ind2="0" tag="770"><marcx:subfield code="å">18</marcx:subfield><marcx:subfield code="a">Ibert</marcx:subfield><marcx:subfield code="h">Jacques</marcx:subfield></marcx:datafield><marcx:datafield ind1="0" ind2="0" tag="770"><marcx:subfield code="å">19</marcx:subfield><marcx:subfield code="a">Nielsen</marcx:subfield><marcx:subfield code="h">Carl</marcx:subfield><marcx:subfield code="c">f. 1865</marcx:subfield></marcx:datafield><marcx:datafield ind1="0" ind2="0" tag="795"><marcx:subfield code="å">11</marcx:subfield><marcx:subfield code="a">Cinque piccoli duetti</marcx:subfield><marcx:subfield code="e">Sofia Asunción Claro, harpe</marcx:subfield><marcx:subfield code="e">Lars Graugꜳrd, fløjte</marcx:subfield></marcx:datafield><marcx:datafield ind1="0" ind2="0" tag="795"><marcx:subfield code="å">12</marcx:subfield><marcx:subfield code="a">Fantasi for fløjte og harpe</marcx:subfield><marcx:subfield code="e">Lars Graugꜳrd, fløjte</marcx:subfield><marcx:subfield code="e">Sofia Asunción Claro, harpe</marcx:subfield></marcx:datafield><marcx:datafield ind1="0" ind2="0" tag="795"><marcx:subfield code="å">13</marcx:subfield><marcx:subfield code="a">Sonate for harpe</marcx:subfield><marcx:subfield code="e">Sofia Asunción Claro, harpe</marcx:subfield></marcx:datafield><marcx:datafield ind1="0" ind2="0" tag="795"><marcx:subfield code="å">14</marcx:subfield><marcx:subfield code="a">Serenade nr. 10, opus 79</marcx:subfield><marcx:subfield code="c">for fløjte og harpe</marcx:subfield><marcx:subfield code="e">Lars Graugꜳrd, fløjte</marcx:subfield><marcx:subfield code="e">Sofia Asunción Claro, harpe</marcx:subfield></marcx:datafield><marcx:datafield ind1="0" ind2="0" tag="795"><marcx:subfield code="å">15</marcx:subfield><marcx:subfield code="a">Pavane pour une infante défunte</marcx:subfield><marcx:subfield code="e">Lars Graugꜳrd, fløjte</marcx:subfield><marcx:subfield code="e">Sofia Asunción Claro, harpe</marcx:subfield></marcx:datafield><marcx:datafield ind1="0" ind2="0" tag="795"><marcx:subfield code="å">16</marcx:subfield><marcx:subfield code="a">Sicilienne for violoncel og klaver, opus 78</marcx:subfield><marcx:subfield code="c">for fløjte og harpe</marcx:subfield><marcx:subfield code="e">Lars Graugꜳrd, fløjte</marcx:subfield><marcx:subfield code="e">Sofia Asunción Claro, harpe</marcx:subfield></marcx:datafield><marcx:datafield ind1="0" ind2="0" tag="795"><marcx:subfield code="å">17</marcx:subfield><marcx:subfield code="a">Pièce</marcx:subfield><marcx:subfield code="e">Lars Graugꜳrd, fløjte</marcx:subfield></marcx:datafield><marcx:datafield ind1="0" ind2="0" tag="795"><marcx:subfield code="å">18</marcx:subfield><marcx:subfield code="a">Entr&apos;acte</marcx:subfield><marcx:subfield code="e">Lars Graugꜳrd, fløjte</marcx:subfield><marcx:subfield code="e">Sofia Asunción Claro, harpe</marcx:subfield></marcx:datafield><marcx:datafield ind1="0" ind2="0" tag="795"><marcx:subfield code="å">19</marcx:subfield><marcx:subfield code="a">Moderen</marcx:subfield><marcx:subfield code="7"> (</marcx:subfield><marcx:subfield code="v">Tågen letter</marcx:subfield><marcx:subfield code="7">) / </marcx:subfield><marcx:subfield code="e">Lars Graugꜳrd, fløjte</marcx:subfield><marcx:subfield code="e">Sofia Asunción Claro, harpe</marcx:subfield></marcx:datafield><marcx:datafield ind1="0" ind2="0" tag="795"><marcx:subfield code="å">99</marcx:subfield><marcx:subfield code="y">0</marcx:subfield><marcx:subfield code="a">5 piccoli duetti</marcx:subfield></marcx:datafield><marcx:datafield ind1="0" ind2="0" tag="900"><marcx:subfield code="a">Asunción Claro</marcx:subfield><marcx:subfield code="h">Sofia</marcx:subfield><marcx:subfield code="z">100</marcx:subfield></marcx:datafield><marcx:datafield ind1="0" ind2="0" tag="990"><marcx:subfield code="o">201048</marcx:subfield><marcx:subfield code="b">v</marcx:subfield><marcx:subfield code="u">nt</marcx:subfield></marcx:datafield><marcx:datafield ind1="0" ind2="0" tag="996"><marcx:subfield code="a">DBC</marcx:subfield></marcx:datafield></marcx:record></marcx:collection><adminData><creationDate>2010-11-17</creationDate><libraryType>none</libraryType><indexingAlias>danmarcxchange</indexingAlias><accessType>physical</accessType><collectionIdentifier>870970-basis</collectionIdentifier></adminData></ting:container>
</foxml:xmlContent>
</foxml:datastreamVersion>
</foxml:datastream>
<foxml:datastream ID="localData.870970-basis" STATE="A" CONTROL_GROUP="X" VERSIONABLE="false">
<foxml:datastreamVersion ID="localData.870970-basis.0" LABEL="" CREATED="2013-05-16T12:09:13.836Z" MIMETYPE="text/xml" SIZE="1012">
<foxml:xmlContent>
<ting:localData xmlns:ting="http://www.dbc.dk/ting"><marcx:record xmlns:marcx="info:lc/xmlns/marcxchange-v1" format="danMARC2" type="BibliographicLocal"><marcx:datafield ind1="0" ind2="0" tag="d08"><marcx:subfield code="o">lhp</marcx:subfield><marcx:subfield code="k">hlt</marcx:subfield></marcx:datafield><marcx:datafield ind1="0" ind2="0" tag="d09"><marcx:subfield code="z">SFG201048</marcx:subfield></marcx:datafield><marcx:datafield ind1="0" ind2="0" tag="f06"><marcx:subfield code="b">v</marcx:subfield></marcx:datafield><marcx:datafield ind1="0" ind2="0" tag="n51"><marcx:subfield code="a">20101129</marcx:subfield></marcx:datafield><marcx:datafield ind1="0" ind2="0" tag="n55"><marcx:subfield code="a">20101117</marcx:subfield></marcx:datafield><marcx:datafield ind1="0" ind2="0" tag="s12"><marcx:subfield code="t">TeamDAM201046</marcx:subfield></marcx:datafield><marcx:datafield ind1="0" ind2="0" tag="z99"><marcx:subfield code="a">hlt</marcx:subfield></marcx:datafield></marcx:record></ting:localData>
</foxml:xmlContent>
</foxml:datastreamVersion>
</foxml:datastream>
<foxml:datastream ID="RELS-SYS" STATE="A" CONTROL_GROUP="X" VERSIONABLE="false">
<foxml:datastreamVersion ID="RELS-SYS.1" LABEL="" CREATED="2013-05-16T12:09:13.897Z" MIMETYPE="application/rdf+xml" SIZE="317">
<foxml:xmlContent>
<rdf:RDF xmlns:rdf="http://www.w3.org/1999/02/22-rdf-syntax-ns#">
  <rdf:Description rdf:about="info:fedora/870970-basis:28527470">
    <isMemberOfUnit xmlns="info:fedora/">unit:48006</isMemberOfUnit>
    <isPrimaryBibObjectFor xmlns="info:fedora/">unit:48006</isPrimaryBibObjectFor>
  </rdf:Description>
</rdf:RDF>
</foxml:xmlContent>
</foxml:datastreamVersion>
</foxml:datastream>
</foxml:digitalObject><ocn></ocn><holdingsServiceResponse><response>
<timestamp>2013-05-30 10:35:53.849</timestamp>
<pid>870970-basis:28527470</pid>
<result>
</result>
</response></holdingsServiceResponse></oclcRecord></oclcRecords>

</ns1:originalData>
<ns1:outputFormat>PLACEHOLDER</ns1:outputFormat>
   </ns1:formatRequest>
 </SOAP-ENV:Body>
</SOAP-ENV:Envelope>
